%% This BibTeX bibliography file was created using BibDesk.
%% https://bibdesk.sourceforge.io/

%% Created for Uddalok Sen at 2021-09-15 23:05:26 +0200 


%% Saved with string encoding Unicode (UTF-8) 



@article{li-2020-pnas,
	author = {Li, Y. and Diddens, C. and Segers, T. and Wijshoff, H. and Versluis, M. and Lohse, D.},
	date-added = {2021-09-15 23:04:12 +0200},
	date-modified = {2021-09-15 23:05:25 +0200},
	journal = {Proc. Natl. Acad. Sci. {USA}},
	number = {29},
	pages = {16756-16763},
	title = {Evaporating droplets on oil-wetted surfaces: suppression of the coffee-stain effect},
	volume = {117},
	year = {2020}}
