@article{jain2019deep,
  title={Deep pool water-impacts of viscous oil droplets},
  author={Jain, Utkarsh and Jalaal, Maziyar and Lohse, Detlef and Van Der Meer, Devaraj},
  journal={Soft matter},
  year={2019},
  publisher={Royal Society of Chemistry}
}
