@article{deike2018dynamics,
  title={Dynamics of jets produced by bursting bubbles},
  author={Deike, Luc and Ghabache, Elisabeth and Liger-Belair, G{\'e}rard and Das, Arup K and Zaleski, St{\'e}phane and Popinet, St{\'e}phane and S{\'e}on, Thomas},
  journal={Physical Review Fluids},
  volume={3},
  number={1},
  pages={013603},
  year={2018},
  publisher={APS}
}
@article{brasz2018minimum,
	title={Minimum size for the top jet drop from a bursting bubble},
	author={Brasz, C Frederik and Bartlett, Casey T and Walls, Peter LL and Flynn, Elena G and Yu, Yingxian Estella and Bird, James C},
	journal={Physical Review Fluids},
	volume={3},
	number={7},
	pages={074001},
	year={2018},
	publisher={APS}
}
@article{duchemin2002jet,
	title={Jet formation in bubbles bursting at a free surface},
	author={Duchemin, Laurent and Popinet, St{\'e}phane and Josserand, Christophe and Zaleski, St{\'e}phane},
	journal={Physics of fluids},
	volume={14},
	number={9},
	pages={3000--3008},
	year={2002},
	publisher={AIP}
}
@article{ismail2018controlled,
	title={Controlled cavity collapse: scaling laws of drop formation},
	author={Ismail, A Said and Ga{\~n}{\'a}n-Calvo, Alfonso M and Castrej{\'o}n-Pita, J Rafael and Herrada, Miguel A and Castrej{\'o}n-Pita, Alfonso A},
	journal={Soft matter},
	year={2018},
	publisher={Royal Society of Chemistry}
}
@article{PhysRevFluids.3.091601,
	title = {Scaling laws of top jet drop size and speed from bubble bursting including gravity and inviscid limit},
	author = {Ga{\~n}{\'a}n-Calvo, Alfonso M },
	journal = {Phys. Rev. Fluids},
	volume = {3},
	issue = {9},
	pages = {091601},
	numpages = {9},
	year = {2018},
	month = {Sep},
	publisher = {American Physical Society},
	doi = {10.1103/PhysRevFluids.3.091601},
	url = {https://link.aps.org/doi/10.1103/PhysRevFluids.3.091601}
}
@article{lhuissier2012bursting,
	title={Bursting bubble aerosols},
	author={Lhuissier, Henri and Villermaux, Emmanuel},
	journal={Journal of Fluid Mechanics},
	volume={696},
	pages={5--44},
	year={2012},
	publisher={Cambridge University Press}
}
@article{ganan2017revision,
	title={Revision of bubble bursting: universal scaling laws of top jet drop size and speed},
	author={Ga{\~n}{\'a}n-Calvo, Alfonso M },
	journal={Physical review letters},
	volume={119},
	number={20},
	pages={204502},
	year={2017},
	publisher={APS}
}

