%% This BibTeX bibliography file was created using BibDesk.
%% https://bibdesk.sourceforge.io/

%% Created for Uddalok Sen at 2021-09-15 23:17:19 +0200 


%% Saved with string encoding Unicode (UTF-8) 



@article{bouwhuis-2012-prl,
	author = {Bouwhuis, W. and {v}an {d}er {V}een, R. C. A. and Tran, T. and Keij, D. L. and Winkels, K. G. and Peters, I. R. and {v}an {d}er {M}eer, D. and Sun, C. and Snoeijer, J. H. and Lohse, D.},
	date-added = {2021-09-15 22:36:45 +0200},
	date-modified = {2021-09-15 23:17:15 +0200},
	journal = {Phys. Rev. Lett.},
	pages = {264501},
	title = {Maximal air bubble entrainment at liquid-drop impact},
	volume = {109},
	year = {2012}}
