@article{rahman2018droplet,
  title={Droplet spreading on liquid--fluid interface},
  author={Rahman, Muhammad Rizwanur and Mullagura, Haritha Naidu and Kattemalalawadi, Bharath and Waghmare, Prashant R},
  journal={Colloids and Surfaces A: Physicochemical and Engineering Aspects},
  volume={553},
  pages={143--148},
  year={2018},
  publisher={Elsevier}
}
@article{bonn2009wetting,
  title={Wetting and spreading},
  author={Bonn, Daniel and Eggers, Jens and Indekeu, Joseph and Meunier, Jacques and Rolley, Etienne},
  journal={Reviews of modern physics},
  volume={81},
  number={2},
  pages={739},
  year={2009},
  publisher={APS}
}
