@string{acie = {Angew. Chem. Int. Ed.}}

@string{advmat = {Adv. Mat.}}

@string{afm = {Adv. Funct. Mater.}}

@string{ams = {Acta Mech. Sin.}}

@string{apl = {Appl. Phys. Lett.}}

@string{arfm = {Annu. Rev. Fluid Mech.}}

@string{bb = {Biotechnolo. Bioeng.}}

@string{bj = {Biophys. J.}}

@string{chemengj = {Chem. Eng. J.}}

@string{cossms = {Curr. Opin. Solid State Mater. Sci.}}

@string{crs = {Chem. Soc. Rev.}}

@string{epje = {Eur. Phys. J E}}

@string{epjst = {Eur. Phys. J. Spec. Top.}}

@string{epl = {Europhys.\ Lett.}}

@string{faraday = {Faraday Discuss.}}

@string{jafc = {J. Agric. Food. Chem.}}

@string{jchrnp = {J. Chem. Phys.}}

@string{jcp = {J. Comput. Phys.}}

@string{jcs = {J. Colloid Sci.}}

@string{jfm = {J. Fluid Mech.}}

@string{jgr = {J. Geophys. Res.}}

@string{jnnf = {J. Non-Newton. Fluid Mech.}}

@string{josj = {J. Oceanogr. Soc. Jpn.}}

@string{journalrheology = {J. Rheol.}}

@string{jvgr = {J. Volcanol. Geoth. Res.}}

@string{matcompt = {Math. Comput.}}

@string{natcom = {Nat. Commun.}}

@string{natphy = {Nat. Phys.}}

@string{pnas = {Proc.\ Natl.\ Acad.\ Sci.\ U.S.A.}}

@string{pof = {Phys.\ Fluids}}

@string{pra = {Phys. Rev. A}}

@string{pre = {Phys. Rev. E}}

@string{prf = {Phys. Rev. Fluids}}

@string{prl = {Phys. Rev. Lett.}}

@string{prslondona = {Proc. R. Soc. London, Ser. A}}

@string{rce = {Rev. Chem. Eng.}}

@string{rheoacta = {Rheol. Acta}}

@string{rmp = {Rev.\ Mod.\ Phys.}}

@string{rpp = {Rep. Prog. Phys.}}

@string{sciadv = {Sci. Adv.}}

@string{scirep = {Sci. Rep.}}

@string{sm = {Soft Matter}}

@article{deike2018dynamics,
  title={Dynamics of jets produced by bursting bubbles},
  author={Deike, L. and Ghabache, E. and Liger-Belair, G. and Das, A. K. and Zaleski, S. and Popinet, S. and S{\'e}on, R.},
  journal=prf,
  volume={3},
  number={1},
  pages={013603},
  year={2018},
  publisher={APS}
}
@article{brasz2018minimum,
	title={Minimum size for the top jet drop from a bursting bubble},
	author={Brasz, C. F. and Bartlett, C. T. and Walls, P. L. L. and Flynn, E. G. and Yu, Y. E. and Bird, J. C.},
	journal=prf,
	volume={3},
	number={7},
	pages={074001},
	year={2018},
	publisher={APS}
}
@article{duchemin2002jet,
	title={Jet formation in bubbles bursting at a free surface},
	author={Duchemin, L. and Popinet, S. and Josserand, C. and Zaleski, S.},
	journal=pof,
	volume={14},
	number={9},
	pages={3000--3008},
	year={2002},
	publisher={AIP}
}

@article{lhuissier2012bursting,
	title={Bursting bubble aerosols},
	author={Lhuissier, H. and Villermaux, E.},
	journal=jfm,
	volume={696},
	pages={5--44},
	year={2012},
	publisher={Cambridge University Press}
}
@article{sanjay_lohse_jalaal_2021, 
	title={Bursting bubble in a viscoplastic medium}, 
	volume={922}, 
	journal=jfm,
	publisher={Cambridge University Press}, 
	author={Sanjay, V. and Lohse, D. and Jalaal, M.}, 
	year={2021}, 
	pages={A2}
}
@Article{gordillo2019capillary,
	title={Capillary waves control the ejection of bubble bursting jets},
	author={Gordillo, J. M. and Rodr{\'\i}guez-Rodr{\'\i}guez, J.},
	journal=jfm,
	volume={867},
	pages={556--571},
	year={2019},
	publisher={Cambridge University Press}
}
@Article{walls2015jet,
	title={Jet drops from bursting bubbles: How gravity and viscosity couple to inhibit droplet production},
	author={Walls, P. L. L. and Henaux, L. and Bird, J. C.},
	journal=pre,
	volume={92},
	number={2},
	pages={021002},
	year={2015},
	publisher={APS}
}
@Article{walls2017quantifying,
	title={Quantifying the potential for bursting bubbles to damage suspended cells},
	author={Walls, P. L. L. and McRae, O. and Natarajan, V. and Johnson, C. and Antoniou, C. and Bird, J. C.},
	journal=SciRep,
	volume={7},
	number={1},
	pages={15102},
	year={2017},
	publisher={Nature Publishing Group}
}
@article{bourouiba2021fluid,
	title={The fluid dynamics of disease transmission},
	author={Bourouiba, L.},
	journal=arfm,
	volume={53},
	pages={473--508},
	year={2021},
	publisher={Annual Reviews}
}