@article{abate2006unified,
  title={A unified framework for numerically inverting Laplace transforms},
  author={Abate, Joseph and Whitt, Ward},
  journal={INFORMS Journal on Computing},
  volume={18},
  number={4},
  pages={408--421},
  year={2006},
  publisher={INFORMS}
}

@article{MATLAB,
  title = {Numerical Inverse Laplace Transform},
  author = {McClure, Tucker},
  journal={MATLAB File Exchange},
  year={2013},
  URL = {https://in.mathworks.com/matlabcentral/fileexchange/39035-numerical-inverse-laplace-transform}
}
@article{vatsal,
  title = {Surface wave in a Viscoplastic fluid},
  author = {Sanjay, Vatsal},
  journal={Basilisk Sandbox},
  year={2018},
  URL = {http://basilisk.fr/sandbox/vatsal/GenaralizedNewtonian/SurfaceWavesBingham.c}
}
@article{prosperetti1981motion,
  title={Motion of two superposed viscous fluids},
  author={Prosperetti, Andrea},
  journal={The Physics of Fluids},
  volume={24},
  number={7},
  pages={1217--1223},
  year={1981},
  publisher={AIP}
}
@article{prosperetti1976viscous,
  title={Viscous effects on small-amplitude surface waves},
  author={Prosperetti, Andrea},
  journal={The Physics of Fluids},
  volume={19},
  number={2},
  pages={195--203},
  year={1976},
  publisher={AIP}
}
@article{popinet2009accurate,
  title={An accurate adaptive solver for surface-tension-driven interfacial flows},
  author={Popinet, St{\'e}phane},
  journal={Journal of Computational Physics},
  volume={228},
  number={16},
  pages={5838--5866},
  year={2009},
  publisher={Elsevier}
}
