@article{josserand2016drop,
  title={Drop impact on a solid surface},
  author={Josserand, Christophe and Thoroddsen, Sigurdur T},
  journal={Annual review of fluid mechanics},
  volume={48},
  pages={365--391},
  year={2016},
  publisher={Annual Reviews}
}
@article{wildeman2016spreading,
	title={On the spreading of impacting drops},
	author={Wildeman, Sander and Visser, Claas Willem and Sun, Chao and Lohse, Detlef},
	journal={Journal of fluid mechanics},
	volume={805},
	pages={636--655},
	year={2016},
	publisher={Cambridge University Press}
}

